 @misc{pulsar:definition:nasa,
  title     = {NASA's NICER delivers best-ever pulsar measurements, 1st Surface Map},
  url       = {https://www.nasa.gov/feature/goddard/2019/nasa-s-nicer-delivers-best-ever-pulsar-measurements-1st-surface-map},
  journal   = {NASA},
  publisher = {NASA},
  author    = {Kazmierczak, Jeanette},
  year      = {2019},
  month     = {Dec}
} 

@article{pulsar:dataset:oxford,
  doi       = {10.1093/mnras/stw656},
  url       = {https://doi.org/10.1093/mnras/stw656},
  year      = {2016},
  month     = apr,
  publisher = {Oxford University Press ({OUP})},
  volume    = {459},
  number    = {1},
  pages     = {1104--1123},
  author    = {R. J. Lyon and B. W. Stappers and S. Cooper and J. M. Brooke and J. D. Knowles},
  title     = {Fifty years of pulsar candidate selection: from simple filters to a new principled real-time classification approach},
  journal   = {Monthly Notices of the Royal Astronomical Society}
}

@misc{pulsar:dataset,
  doi = {10.6084/M9.FIGSHARE.3080389.V1},
  url = {https://figshare.com/articles/dataset/HTRU2/3080389/1},
  author = {Lyon,  Robert},
  keywords = {Astrophysics,  Instrumentation,  Techniques,  and Astronomical Observations,  170203 Knowledge Representation and Machine Learning,  FOS: Psychology,  FOS: Psychology},
  title = {HTRU2},
  publisher = {figshare},
  year = {2016},
  copyright = {GPL 3.0+}
}

@misc{gaia:dr3,
  doi       = {10.5270/esa-qa4lep3},
  url       = {https://doi.org/10.5270/esa-qa4lep3},
  year      = {2022},
  month     = apr,
  publisher = {European Space Agency},
  title     = {Gaia {DR}3}
}

ï»¿@article{astronomy:history:dick,
  author   = {Dick, Steven J.},
  title    = {The Norton History of Astronomy and Cosmology},
  journal  = {Science},
  year     = {1995},
  month    = {May},
  day      = {26},
  volume   = {268},
  pages    = {1214+},
  issn     = {00368075},
  language = {English}
}


